@article{Paszke2019Dec,
	author = {Paszke, Adam and Gross, Sam and Massa, Francisco and Lerer, Adam and Bradbury, James and Chanan, Gregory and Killeen, Trevor and Lin, Zeming and Gimelshein, Natalia and Antiga, Luca and Desmaison, Alban and K{\ifmmode\ddot{o}\else\"{o}\fi}pf, Andreas and Yang, Edward and DeVito, Zach and Raison, Martin and Tejani, Alykhan and Chilamkurthy, Sasank and Steiner, Benoit and Fang, Lu and Bai, Junjie and Chintala, Soumith},
	title = {{PyTorch: An Imperative Style, High-Performance Deep Learning Library}},
	journal = {arXiv},
	year = {2019},
	month = dec,
	eprint = {1912.01703},
	doi = {10.48550/arXiv.1912.01703}
}
@article{Courant1928Dec,
	author = {Courant, R. and Friedrichs, K. and Lewy, H.},
	title = {{{\ifmmode\ddot{U}\else\"{U}\fi}ber die partiellen Differenzengleichungen der mathematischen Physik}},
	journal = {Math. Ann.},
	volume = {100},
	number = {1},
	pages = {32--74},
	year = {1928},
	month = dec,
	issn = {1432-1807},
	publisher = {Springer-Verlag},
	doi = {10.1007/BF01448839}
}
@article{Kullback1951Mar,
	author = {Kullback, S. and Leibler, R. A.},
	title = {{On Information and Sufficiency}},
	journal = {Ann. Math. Stat.},
	volume = {22},
	number = {1},
	pages = {79--86},
	year = {1951},
	month = mar,
	issn = {0003-4851},
	publisher = {Institute of Mathematical Statistics},
	doi = {10.1214/aoms/1177729694}
}
@article{Dam1997,
	author = {Dam, J. C. van and Huygen, J. and Wesseling, J. G. and Feddes, R. A. and Kabat, P. and Walsum, P. E. V. van and Groenendijk, P. and Diepen, C. A. van},
	title = {{Theory of SWAP version 2.0; Simulation of water flow, solute transport and plant growth in the Soil-Water-Atmosphere-Plant environment.}},
	journal = {AGRIS: International Information System for the Agricultural Science and Technology},
	year = {1997},
	url = {https://agris.fao.org/agris-search/search.do?recordID=NL2012071302}
}
@book{Goodfellow-et-al-2016,
    title={Deep Learning},
    author={Ian Goodfellow and Yoshua Bengio and Aaron Courville},
    publisher={MIT Press},
    note={\url{http://www.deeplearningbook.org}},
    year={2016}
}
@article{Hornik1991Jan,
	author = {Hornik, Kurt},
	title = {{Approximation capabilities of multilayer feedforward networks}},
	journal = {Neural Networks},
	volume = {4},
	number = {2},
	pages = {251--257},
	year = {1991},
	month = jan,
	issn = {0893-6080},
	publisher = {Pergamon},
	doi = {10.1016/0893-6080(91)90009-T}
}
@misc{Dua:2019,
author = "Dua, Dheeru and Graff, Casey",
year = "2017",
title = "{UCI} Machine Learning Repository",
url = "http://archive.ics.uci.edu/ml",
institution = "University of California, Irvine, School of Information and Computer Sciences" } 

@article{Raissi2017Nov,
	author = {Raissi, Maziar and Perdikaris, Paris and Karniadakis, George Em},
	title = {{Physics Informed Deep Learning (Part I): Data-driven Solutions of Nonlinear Partial Differential Equations}},
	journal = {arXiv},
	year = {2017},
	month = nov,
	eprint = {1711.10561},
	doi = {10.48550/arXiv.1711.10561}
}

@article{Cybenko1989Dec,
	author = {Cybenko, G.},
	title = {{Approximation by superpositions of a sigmoidal function}},
	journal = {Math. Control Signals Systems},
	volume = {2},
	number = {4},
	pages = {303--314},
	year = {1989},
	month = dec,
	issn = {1435-568X},
	publisher = {Springer-Verlag},
	doi = {10.1007/BF02551274}
}

@article{pedregosa2011scikit,
  title={Scikit-learn: Machine learning in Python},
  author={Pedregosa, Fabian and Varoquaux, Ga{\"e}l and Gramfort, Alexandre and Michel, Vincent and Thirion, Bertrand and Grisel, Olivier and Blondel, Mathieu and Prettenhofer, Peter and Weiss, Ron and Dubourg, Vincent and others},
  journal={Journal of machine learning research},
  volume={12},
  number={Oct},
  pages={2825--2830},
  year={2011}
}
@article{Freundlich1907Oct,
	author = {Freundlich, Herbert},
	title = {{{\ifmmode\ddot{U}\else\"{U}\fi}ber die Adsorption in L{\ifmmode\ddot{o}\else\"{o}\fi}sungen}},
	journal = {Z. Phys. Chem.},
	volume = {57U},
	number = {1},
	pages = {385--470},
	year = {1907},
	month = oct,
	issn = {2196-7156},
	publisher = {De Gruyter (O)},
	doi = {10.1515/zpch-1907-5723}
}
@software{reback2020pandas,
    author       = {The pandas development team},
    title        = {pandas-dev/pandas: Pandas},
    month        = feb,
    year         = 2020,
    publisher    = {Zenodo},
    version      = {latest},
    doi          = {10.5281/zenodo.3509134},
    url          = {https://doi.org/10.5281/zenodo.3509134}
}
@article{Rumelhart1986Oct,
	author = {Rumelhart, David E. and Hinton, Geoffrey E. and Williams, Ronald J.},
	title = {{Learning representations by back-propagating errors}},
	journal = {Nature},
	volume = {323},
	pages = {533--536},
	year = {1986},
	month = oct,
	issn = {1476-4687},
	publisher = {Nature Publishing Group},
	doi = {10.1038/323533a0}
}
@article{Guo2020Feb,
	author = {Guo, Bo and Zeng, Jicai and Brusseau, Mark L.},
	title = {{A Mathematical Model for the Release, Transport, and Retention of Per- and Polyfluoroalkyl Substances (PFAS) in the Vadose Zone}},
	journal = {Water Resour. Res.},
	volume = {56},
	number = {2},
	pages = {e2019WR026667},
	year = {2020},
	month = feb,
	issn = {0043-1397},
	publisher = {John Wiley {\&} Sons, Ltd},
	doi = {10.1029/2019WR026667}
}
@article{Bierbaum2022Mar,
    author = {Bierbaum, T. and Klaas, N. and Haslauer, C. and Braun, J. and Lange, F. T. and Sacher, F.},
    title={{Experimentelle Methoden zur Untersuchung der PFAS-Immobilisierung}},
    journal = {Mitt Umweltchem Ã–kotox},
    year = {2022},
    month = mar
}
@article{Praditia2021Apr,
	author = {Praditia, Timothy and Karlbauer, Matthias and Otte, Sebastian and Oladyshkin, Sergey and Butz, Martin V. and Nowak, Wolfgang},
	title = {{Finite Volume Neural Network: Modeling Subsurface Contaminant Transport}},
	journal = {arXiv},
	year = {2021},
	month = apr,
	eprint = {2104.06010},
	doi = {10.48550/arXiv.2104.06010}
}
@article{Kingma2014Dec,
	author = {Kingma, Diederik P. and Ba, Jimmy},
	title = {{Adam: A Method for Stochastic Optimization}},
	journal = {arXiv},
	year = {2014},
	month = dec,
	eprint = {1412.6980},
	doi = {10.48550/arXiv.1412.6980}
}
@article{Kalchbrenner2016Oct,
	author = {Kalchbrenner, Nal and Espeholt, Lasse and Simonyan, Karen and Oord, Aaron van den and Graves, Alex and Kavukcuoglu, Koray},
	title = {{Neural Machine Translation in Linear Time}},
	journal = {arXiv},
	year = {2016},
	month = oct,
	eprint = {1610.10099},
	doi = {10.48550/arXiv.1610.10099}
}
@article{Karlbauer2019Dec,
	author = {Karlbauer, Matthias and Otte, Sebastian and Lensch, Hendrik P. A. and Scholten, Thomas and Wulfmeyer, Volker and Butz, Martin V.},
	title = {{A Distributed Neural Network Architecture for Robust Non-Linear Spatio-Temporal Prediction}},
	journal = {arXiv},
	year = {2019},
	month = dec,
	eprint = {1912.11141},
	doi = {10.48550/arXiv.1912.11141}
}
@incollection{Li2016Oct,
	author = {Li, Da and Chen, Xinbo and Becchi, Michela and Zong, Ziliang},
	title = {{Evaluating the Energy Efficiency of Deep Convolutional Neural Networks on CPUs and GPUs}},
	booktitle = {{2016 IEEE International Conferences on Big Data and Cloud Computing (BDCloud), Social Computing and Networking (SocialCom), Sustainable Computing and Communications (SustainCom) (BDCloud-SocialCom-SustainCom)}},
	journal = {2016 IEEE International Conferences on Big Data and Cloud Computing (BDCloud), Social Computing and Networking (SocialCom), Sustainable Computing and Communications (SustainCom) (BDCloud-SocialCom-SustainCom)},
	pages = {477--484},
	year = {2016},
	month = oct,
	publisher = {IEEE},
	doi = {10.1109/BDCloud-SocialCom-SustainCom.2016.76}
}

@article{Jospin2022Apr,
	author = {Jospin, Laurent Valentin and Laga, Hamid and Boussaid, Farid and Buntine, Wray and Bennamoun, Mohammed},
	title = {{Hands-On Bayesian Neural Networks{\ifmmode---\else\textemdash\fi}A Tutorial for Deep Learning Users}},
	journal = {IEEE Comput. Intell. Mag.},
	volume = {17},
	number = {2},
	pages = {29--48},
	year = {2022},
	month = apr,
	issn = {1556-6048},
	publisher = {IEEE},
	doi = {10.1109/MCI.2022.3155327}
}
@article{Stathakis2009Apr,
	author = {Stathakis, D.},
	title = {{How many hidden layers and nodes?}},
	journal = {Int. J. Remote Sens.},
	volume = {30},
	number = {8},
	pages = {2133--2147},
	year = {2009},
	month = apr,
	issn = {0143-1161},
	publisher = {Taylor {\&} Francis},
	doi = {10.1080/01431160802549278}
}
@article{Blalock2020Mar,
	author = {Blalock, Davis and Ortiz, Jose Javier Gonzalez and Frankle, Jonathan and Guttag, John},
	title = {{What is the State of Neural Network Pruning?}},
	journal = {arXiv},
	year = {2020},
	month = mar,
	eprint = {2003.03033},
	doi = {10.48550/arXiv.2003.03033}
}
@article{Nkedi-Kizza1984Aug,
	author = {Nkedi-Kizza, P. and Biggar, J. W. and Selim, H. M. and Van Genuchten, M. {\relax Th}. and Wierenga, P. J. and Davidson, J. M. and Nielsen, D. R.},
	title = {{On the Equivalence of Two Conceptual Models for Describing Ion Exchange During Transport Through an Aggregated Oxisol}},
	journal = {Water Resour. Res.},
	volume = {20},
	number = {8},
	pages = {1123--1130},
	year = {1984},
	month = aug,
	issn = {0043-1397},
	publisher = {John Wiley {\&} Sons, Ltd},
	doi = {10.1029/WR020i008p01123}
}
@article{Simunek2008Jan,
	author = {Simunek, J. and Saito, H. and Sakai, M. and Genuchten, {\relax Th}. M.},
	title = {{The HYDRUS-1D Software Package for Simulating the One-Dimensional Movement of Water, Heat, and Multiple Solutes in Variably-Saturated Media}},
	journal = {ResearchGate},
	year = {2008},
	month = jan,
	url = {https://www.researchgate.net/publication/271515313_The_HYDRUS-1D_Software_Package_for_Simulating_the_One-Dimensional_Movement_of_Water_Heat_and_Multiple_Solutes_in_Variably-Saturated_Media}
}
@article{Nowak2016Nov,
	author = {Nowak, Wolfgang and Guthke, Anneli},
	title = {{Entropy-Based Experimental Design for Optimal Model Discrimination in the Geosciences}},
	journal = {Entropy},
	volume = {18},
	number = {11},
	pages = {409},
	year = {2016},
	month = nov,
	issn = {1099-4300},
	publisher = {Multidisciplinary Digital Publishing Institute},
	doi = {10.3390/e18110409}
}
@article{Richards1931Nov,
	author = {Richards, L. A.},
	title = {{CAPILLARY CONDUCTION OF LIQUIDS THROUGH POROUS MEDIUMS}},
	journal = {Physics},
	volume = {1},
	number = {5},
	pages = {318--333},
	year = {1931},
	month = nov,
	issn = {0148-6349},
	publisher = {American Institute of Physics},
	doi = {10.1063/1.1745010}
}
@article{vanGenuchten1989Sep,
	author = {van Genuchten, M. {\relax Th}. and Wagenet, R. J.},
	title = {{Two-Site/Two-Region Models for Pesticide Transport and Degradation: Theoretical Development and Analytical Solutions}},
	journal = {Soil Sci. Soc. Am. J.},
	volume = {53},
	number = {5},
	pages = {1303--1310},
	year = {1989},
	month = sep,
	issn = {0361-5995},
	publisher = {John Wiley {\&} Sons, Ltd},
	doi = {10.2136/sssaj1989.03615995005300050001x}
}
@article{VanGenuchten1981,
	author = {Van Genuchten, M. {\relax Th}.},
	title = {{Non-equilibrium transport parameters from miscible displacement experiments}},
	journal = {AGRIS: International Information System for the Agricultural Science and Technology},
	year = {1981},
	publisher = {U.S. Dept. of Agriculture, Science and Education Administration, U.S. Salinity Laboratory},
	url = {https://agris.fao.org/agris-search/search.do?recordID=US201300734946}
}
@article{Toride1993Jul,
	author = {Toride, Nobuo and Leij, Feike J. and van Genuchten, Martinus T.},
	title = {{A comprehensive set of analytical solutions for nonequilibrium solute transport with first-order decay and zero-order production}},
	journal = {Water Resour. Res.},
	volume = {29},
	number = {7},
	year = {1993},
	month = jul,
	issn = {1944-7973},
	publisher = {American Geophysical Union},
	doi = {10.1029/93WR00496}
}
@article{Leung2022Jun,
	author = {Leung, Shui Cheung Edgar and Shukla, Pradeep and Chen, Dechao and Eftekhari, Ehsan and An, Hongjie and Zare, Firuz and Ghasemi, Negareh and Zhang, Dongke and Nguyen, Nam-Trung and Li, Qin},
	title = {{Emerging technologies for PFOS/PFOA degradation and removal: A review}},
	journal = {Sci. Total Environ.},
	volume = {827},
	pages = {153669},
	year = {2022},
	month = jun,
	issn = {0048-9697},
	publisher = {Elsevier},
	doi = {10.1016/j.scitotenv.2022.153669}
}
@article{Gellrich2012May,
	author = {Gellrich, V. and Stahl, T. and Knepper, T. P.},
	title = {{Behavior of perfluorinated compounds in soils during leaching experiments}},
	journal = {Chemosphere},
	volume = {87},
	number = {9},
	pages = {1052--1056},
	year = {2012},
	month = may,
	issn = {0045-6535},
	publisher = {Pergamon},
	doi = {10.1016/j.chemosphere.2012.02.011}
}

@article{Scheidegger1961Oct,
	author = {Scheidegger, A. E.},
	title = {{General theory of dispersion in porous media}},
	journal = {J. Geophys. Res.},
	volume = {66},
	number = {10},
	pages = {3273--3278},
	year = {1961},
	month = oct,
	issn = {0148-0227},
	publisher = {John Wiley {\&} Sons, Ltd},
	doi = {10.1029/JZ066i010p03273}
}
@misc{Wine-Mining,
  title = {Benchmark for wine decision neural network},
  howpublished = {\url{https://github.com/matzegltg/BA/tree/main/WineDecision}},
  note = {Accessed: 2022-12-12}
}
@misc{FINN_fork,
  title = {FINN including Two-Site Sorption},
  howpublished = {\url{https://github.com/matzegltg/finn-1}},
  note = {Accessed: 2022-12-12}
}
@misc{SKLEARN_DOC,
  title = {Sklearn documentation},
  howpublished = {\url{https://scikit-learn.org/stable/modules/generated/sklearn.preprocessing.StandardScaler.html}},
  note = {Accessed: 2022-10-02}
}
@misc{NumberDNN,
  title = {Artificial Neural Network in Publications - Dimensions AI},
  howpublished = {\url{https://app.dimensions.ai/discover/publication}},
  note = {Accessed: 2022-12-07}
}
@misc{Hydrus_BA,
  title = {{Used hydrus files for FD solver validation}},
  howpublished = {\url{https://github.com/matzegltg/BA/tree/main/Hydrus_BA}},
  note = {Accessed: 2022-12-12}
}
@misc{FINN_emma,
  title = {Workspaces for training with experimental data on high-performance cluster},
  howpublished = {\url{https://github.com/matzegltg/BA/tree/main/workspaces_emma}},
  note = {Accessed: 2022-12-12}
}
@article{Team2021Aug,
	author = {Team},
	title = {{Cats vs Dogs Classification (with 98.7{\%} Accuracy) using CNN Keras - Deep Learning Project for Beginners - DataFlair}},
	journal = {DataFlair},
	year = {2021},
	month = aug,
	url = {https://data-flair.training/blogs/cats-dogs-classification-deep-learning-project-beginners}
}

@article{Simunek2008May,
	author = {{\ifmmode\check{S}\else\v{S}\fi}im{\ifmmode\mathring{u}\else\r{u}\fi}nek, Jirka and van Genuchten, Martinus {\relax Th}.},
	title = {{Modeling Nonequilibrium Flow and Transport Processes Using HYDRUS}},
	journal = {Vadose Zone J.},
	volume = {7},
	number = {2},
	pages = {782--797},
	year = {2008},
	month = may,
	issn = {1539-1663},
	publisher = {John Wiley {\&} Sons, Ltd},
	doi = {10.2136/vzj2007.0074}
}
@article{SelimH1976,
	author = {Selim H, M. and Davidson J, M. and Mansell R, S.},
	title = {{Evaluation of a two-site adsorption-desorption model for describing solute transport in soils.}},
	journal = {Proc Summer Comput Simulation Conf},
	number = {1976},
	pages = {444--448},
	year = {1976},
	url = {https://jglobal.jst.go.jp/en/detail?JGLOBAL_ID=201002084004556013}
}
@inproceedings{karlbauer2021composing,
	address = {Baltimore, USA},
	author = {Karlbauer, Matthias and Praditia, Timothy and Otte, Sebastian and Oladyshkin, Sergey and Nowak, Wolfgang and Butz, Martin V},
	booktitle = {Proceedings of the 39th International Conference on Machine Learning},
	month = {16--23 Jul},
	series = {Proceedings of Machine Learning Research},
	title = {Composing Partial Differential Equations with Physics-Aware Neural Networks},
	year = {2022}
}
@inproceedings{pyhydrus,
author = {Collenteur, R.A., Brunetti, G., and M. Vremec
}, title = {Phydrus: Python implementation of the HYDRUS-1D unsaturated zone model},
year = {2019},
version ={0.2.0}}
@misc{torchdiffeq,
	author={Chen, Ricky T. Q.},
	title={torchdiffeq},
	year={2018},
	url={https://github.com/rtqichen/torchdiffeq},
}
@article{Biringen1981Mar,
	author = {Biringen, Sedat},
	title = {{A note on the numerical stability of the convection-diffusion equation}},
	journal = {J. Comput. Appl. Math.},
	volume = {7},
	number = {1},
	pages = {17--20},
	year = {1981},
	month = mar,
	issn = {0377-0427},
	publisher = {North-Holland},
	doi = {10.1016/0771-050X(81)90002-4}
}
@misc{BibEntry2022Dec,
	title = {{Neural Network in Publications - Dimensions}},
	year = {2022},
	month = dec,
	note = {[Online; accessed 1. Dec. 2022]},
	url = {https://app.dimensions.ai/discover/publication?search_mode=content&search_text=Neural%20Network&search_type=kws&search_field=full_search}
}
}