@article{kalman1960new,
  title={A new approach to linear filtering and prediction problems},
  author={Kalman, Rudolph Emil},
  journal={Journal of basic Engineering},
  volume={82},
  number={1},
  pages={35--45},
  year={1960},
  publisher={American Society of Mechanical Engineers}
}

@article{nowak2003efficient,
  title={Efficient computation of linearized cross-covariance and auto-covariance matrices of interdependent quantities},
  author={Nowak, Wolfgang and Tenkleve, Sascha and Cirpka, Olaf A},
  journal={Mathematical geology},
  volume={35},
  number={1},
  pages={53--66},
  year={2003},
  publisher={Springer}
}
